@online{ros_core_components,
  author = "ROS.org",
  title = "Core Components",
  year = 2020,
  url = {https://www.ros.org/core-components/},
  urldate = {2020-12-18},
}

@online{c++,
  author = "Albatross",
  title = "A Brief Description",
%  year = ,
  url = {https://www.cplusplus.com/info/description/},
  urldate = {2020-12-18},
}

@online{ROS_msg,
  author = "ROS.org",
  title = "msg",
  year = 2019,
  url = {http://wiki.ros.org/msg},
  urldate = {2020-12-28},
}